<record><leader>00000cas a22000007a 4500</leader><controlfield tag="001">9664042</controlfield><controlfield tag="008">830701d187218uunyuwr ne      0    0eng d</controlfield><controlfield tag="009">3781</controlfield><datafield ind1=" " ind2=" " tag="010"><subfield code="a">sn 83030769 </subfield></datafield><datafield ind1=" " ind2=" " tag="040"><subfield code="a">NPU</subfield><subfield code="b">eng</subfield><subfield code="c">NPU</subfield><subfield code="d">NPX</subfield><subfield code="d">NYS</subfield><subfield code="d">OCLCQ</subfield></datafield><datafield ind1="1" ind2=" " tag="029"><subfield code="a">AU@</subfield><subfield code="b">000025827395</subfield></datafield><datafield ind1=" " ind2=" " tag="042"><subfield code="a">msc</subfield></datafield><datafield ind1="0" ind2="0" tag="245"><subfield code="a">Erie County advertiser.</subfield></datafield><datafield ind1=" " ind2=" " tag="260"><subfield code="a">Aurora, N.Y. :</subfield><subfield code="b">C.C. Bowsfield</subfield></datafield><datafield ind1=" " ind2=" " tag="300"><subfield code="a">v. ;</subfield><subfield code="c">67 cm.</subfield></datafield><datafield ind1=" " ind2=" " tag="310"><subfield code="a">Weekly</subfield></datafield><datafield ind1="0" ind2=" " tag="362"><subfield code="a">Vol. 1, no. 1 (Aug. 9, 1872)-</subfield></datafield><datafield ind1=" " ind2=" " tag="500"><subfield code="a">Editors: C.C. Bowsfield, &lt;1873&gt;; J.R. Spears, &lt;1876&gt;.</subfield></datafield><datafield ind1=" " ind2="4" tag="651"><subfield code="a">Aurora (N.Y. : Town)</subfield><subfield code="v">Newspapers.</subfield></datafield><datafield ind1=" " ind2="4" tag="651"><subfield code="a">East Aurora (N.Y.)</subfield><subfield code="v">Newspapers.</subfield></datafield><datafield ind1=" " ind2="4" tag="651"><subfield code="a">Erie County (N.Y.)</subfield><subfield code="v">Newspapers.</subfield></datafield><datafield ind1=" " ind2=" " tag="752"><subfield code="a">United States</subfield><subfield code="b">New York</subfield><subfield code="c">Erie</subfield><subfield code="d">Aurora.</subfield></datafield><datafield ind1=" " ind2=" " tag="752"><subfield code="a">United States</subfield><subfield code="b">New York</subfield><subfield code="c">Erie</subfield><subfield code="d">East Aurora.</subfield></datafield><datafield ind1="0" ind2="0" tag="785"><subfield code="t">Aurora advertiser (East Aurora, N.Y.)</subfield><subfield code="w">(DLC)sn 88074801</subfield><subfield code="w">(OCoLC)18585638</subfield></datafield></record>